@book{bai2000templates,
  title={Templates for the solution of algebraic eigenvalue problems: a practical guide},
  author={Bai, Zhaojun and Demmel, James and Dongarra, Jack and Ruhe, Axel and van der Vorst, Henk},
  volume={11},
  year={2000},
  publisher={Siam}
}

@inproceedings{Zhang_LOAM, 
title = {{LOAM}: Lidar Odometry and Mapping in Real-time}, 
author = {Ji Zhang and Sanjiv Singh}, 
booktitle = {Robotics: Science and Systems Conference (RSS)}, 
month = {July}, 
year={2014}, 
address={Berkeley, CA} 
}

@inproceedings{Zhang_V-LOAM, 
title = {Visual-lidar Odometry and Mapping: Low- 
rift, Robust, and Fast}, 
author = {Ji Zhang and Sanjiv Singh}, 
booktitle = {IEEE International Conference on 
Robotics and Automation(ICRA)}, 
month = {May}, 
year={2015}, 
address={Seattle, WA} 
}

@inproceedings{zhang2014real,
  title={Real-time depth enhanced monocular odometry},
  author={Zhang, Ji and Kaess, Michael and Singh, Sushil},
  booktitle={Intelligent Robots and Systems (IROS 2014), 2014 IEEE/RSJ International Conference on},
  pages={4973--4980},
  year={2014},
  organization={IEEE}
}

@article{Arulampalam02atutorial,
    author = {M. Sanjeev Arulampalam and Simon Maskell and Neil Gordon},
    title = {A tutorial on particle filters for online nonlinear/non-Gaussian Bayesian tracking},
    journal = {IEEE TRANSACTIONS ON SIGNAL PROCESSING},
    year = {2002},
    volume = {50},
    pages = {174--188}
}

@inproceedings{woodsterrain,
  title={Terrain Classification using Depth Texture Features},
  author={Woods, Michael and Guivant, Jos{\'e} and Katupitiya, Jayantha},
  booktitle={Australasian Conference on Robotics and Automation. Melbourne, Australia},
  year={2013}
}

@inproceedings{lohrsemantic,
  title={A Semantic-Based Method for Point Cloud Angular Consistency in Urban Environments},
  author={Lohr, Anton and Guivant, Jose},
  booktitle={Australasian Conference on Robotics and Automation. Melbourne, Australia},
  year={2014}
}

@inproceedings{robledo2011outdoor,
  title={Outdoor ride: Data fusion of a 3d kinect camera installed in a bicycle},
  author={Robledo, Alicia and Cossell, Stephen and Guivant, Jose},
  booktitle={Australasian Conference on Robotics and Automation. Melbourne, Australia},
  year={2011}
}

@article{guivant2012internet,
  title={Internet-based operation of autonomous robots: The role of data replication, compression, bandwidth allocation and visualization},
  author={Guivant, Jos{\'e} and Cossell, Stephen and Whitty, Mark and Katupitiya, Jayantha},
  journal={Journal of Field Robotics},
  volume={29},
  number={5},
  pages={793--818},
  year={2012},
  publisher={Wiley Online Library}
}

@inproceedings{ranganathan2013light,
  title={Light-weight localization for vehicles using road markings},
  author={Ranganathan, Ananth and Ilstrup, David and Wu, Tao},
  booktitle={Intelligent Robots and Systems (IROS), 2013 IEEE/RSJ International Conference on},
  pages={921--927},
  year={2013},
  organization={IEEE}
}

@inproceedings{guivant2007global,
  title={Global urban localization based on road maps},
  author={Guivant, Jose and Katz, Roman},
  booktitle={Intelligent Robots and Systems, 2007. IROS 2007. IEEE/RSJ International Conference on},
  pages={1079--1084},
  year={2007},
  organization={IEEE}
}

@book{guivant2010robust,
  title={Robust Global Urban Localization Based on Road Maps},
  author={Guivant, Jose and Robledo, Alicia and Whitty, Mark},
  year={2010},
  publisher={INTECH Open Access Publisher}
}

@ARTICLE{Durrant-Whyte2006,
 author={Durrant-Whyte, H. and Bailey, Tim},
 journal={Robotics Automation Magazine, IEEE},
 title={Simultaneous localization and mapping: part I},
 year={2006},
 month={June},
 volume={13},
 number={2},
 pages={99-110},
 keywords={mobile robots;path planning;SLAM problem;mobile robots;simultaneous localization and mapping problem;Artificial intelligence;Bayesian methods;Buildings;History;Mobile robots;Navigation;Particle filters;Robotics and automation;Simultaneous localization and mapping;Vehicles},
 doi={10.1109/MRA.2006.1638022},
 ISSN={1070-9932},
}

@ARTICLE{Bailey2006,
 author={Bailey, Tim and Durrant-Whyte, H.},
 journal={Robotics Automation Magazine, IEEE},
 title={Simultaneous localization and mapping (SLAM): part II},
 year={2006},
 month={Sept},
 volume={13},
 number={3},
 pages={108-117},
 keywords={Bayes methods;computational complexity;mobile robots;path planning;statistical distributions;computational complexity;data association;environment representation;mobile robot;probability distributions;recursive Bayesian formulation;simultaneous localization and mapping;vehicle pose;Bayesian methods;Computational complexity;Computational efficiency;Delay estimation;Mobile robots;Robotics and automation;Robustness;Simultaneous localization and mapping;Uncertainty;Vehicles},
 doi={10.1109/MRA.2006.1678144},
 ISSN={1070-9932},
}

@ARTICLE{Auat2013,
 author={Auat Cheein, F.A and Carelli, R.},
 journal={Industrial Electronics Magazine, IEEE},
 title={Agricultural Robotics: Unmanned Robotic Service Units in Agricultural Tasks},
 year={2013},
 month={Sept},
 volume={7},
 number={3},
 pages={48-58},
 keywords={SLAM (robots);agricultural machinery;irrigation;mobile robots;path planning;precision engineering;remotely operated vehicles;service robots;SLAM;agricultural machinery;agricultural robotics;agricultural task execution;agrochemical dispersal;automatic agricultural vehicles;autonomous machine control;autonomous machine guidance;autonomous machine operation;continuous field supervision;irrigation;machinery design;precision agriculture;precision autonomous farming;robotics technologies;terrain leveling;unmanned robotic service units;weed detection;Agricultural machinery;Agriculture;Investments;Mobile robots;Remotely operated vehicles;Research and development;Robots;Service robots},
 doi={10.1109/MIE.2013.2252957},
 ISSN={1932-4529},
}


@BOOK{Thrun:2005:PR:1121596,
 author = {Thrun, Sebastian and Burgard, Wolfram and Fox, Dieter},
 title = {Probabilistic Robotics (Intelligent Robotics and Autonomous Agents)},
 year = {2005},
 isbn = {0262201623},
 publisher = {The MIT Press},
}

@inproceedings{montemerlo2002fastslam,
  title={FastSLAM: A factored solution to the simultaneous localization and mapping problem},
  author={Montemerlo, Michael and Thrun, Sebastian and Koller, Daphne and Wegbreit, Ben and others},
  booktitle={AAAI/IAAI},
  pages={593--598},
  year={2002}
}

@article{auat2011optimized,
  title={Optimized EIF-SLAM algorithm for precision agriculture mapping based on stems detection},
  author={Auat Cheein, F and Steiner, G and Perez Paina, G and Carelli, R},
  journal={Computers and Electronics in Agriculture},
  volume={78},
  number={2},
  pages={195--207},
  year={2011},
  publisher={Elsevier}
}

@article{Tong12,
  title={Three-dimensional SLAM for mapping planetary work site environments},
  author={Tong, C. and Barfoot, T. and Dupuis, E.},
  journal={Journal of Field Robotics},
  volume={29},
  pages={381--412},
  year={2014},
}

@article{Tache11,
  title={Three-dimensional localization for the ManeBike inspection robot},
  author={Tache, F. and Pomerleau, f. and Caprari, G. and Siegwart, R. and Bosse, M. and Moser, R.},
  journal={Journal of Field Robotics},
  volume={28},
  pages={180--203},
  year={2011},
}

@article{May09,
  title={Three-dimensional mapping with time-of-flight cameras},
  author={May, S. and Droeschel, D. and Holz, D. and Fuchs, S. and Malis, E. and Nuchter, A. and Hertzberg, J.},
  journal={Journal of Field Robotics},
  volume={26},
  pages={934--965},
  year={2009},
}

@article{Martinez06,
  title={Mobile robot motion estimation by 2D scan matching with genetic and iterative closest point algorithms},
  author={Martinez, J. and Gozalez, J. and Morales, J. and Mandow, A. and Garcia, A.},
  journal={Journal of Field Robotics},
  volume={23},
  pages={21--34},
  year={2006},
}

@ARTICLE{Yue2014,
author={Yue Gao and Meng Wang and Rongrong Ji and Xindong Wu and Qionghai Dai},
journal={Industrial Electronics, IEEE Transactions on},
title={3-D Object Retrieval With Hausdorff Distance Learning},
year={2014},
month={April},
volume={61},
number={4},
pages={2088-2098},
keywords={image matching;image retrieval;learning (artificial intelligence);relevance feedback;visual databases;3D database;Hausdorff distance estimation;Hausdorff distance learning;group matching;negative view pairs;positive view pairs;probabilistic strategy;relevance feedback information;testing data sets;view-based 3D object retrieval;view-level Mahalanobis distance metric;Distance metric learning;Hausdorff distance;object search;view pair selection},
doi={10.1109/TIE.2013.2262760},
ISSN={0278-0046},}

@ARTICLE{Liu2013,
author={Liu, Zhipeng and Pi, Dechang and Jiang, Jinfeng},
journal={Systems Engineering and Electronics, Journal of},
title={Density-based trajectory outlier detection algorithm},
year={2013},
month={April},
volume={24},
number={2},
pages={335-340},
keywords={Hausdorff distance;density-based algorithm;partition-and-detect framework;trajectory outlier detection (TRAOD)},
doi={10.1109/JSEE.2013.00042},}

@ARTICLE{YoKER,
author={Auat Cheein, Fernando and Lobo Pereira, Fernando and di Sciascio, Fernando and Carelli, Ricardo},
journal={The Knowledge Engineering Review},
title={ Autonomous Simultaneous Localization and Mapping driven by Monte Carlo uncertainty maps-based navigation},
year={2013},
month={March},
volume={28},
number={1},
pages={35-57},
keywords={Hausdorff distance;density-based algorithm;partition-and-detect framework;trajectory outlier detection (TRAOD)},
doi={http://dx.doi.org/10.1017/S0269888912000276},}

@ARTICLE{Lindblad2014,
author={Lindblad, J. and Sladoje, N.},
journal={Image Processing, IEEE Transactions on},
title={Linear Time Distances Between Fuzzy Sets With Applications to Pattern Matching and Classification},
year={2014},
month={Jan},
volume={23},
number={1},
pages={126-136},
keywords={fuzzy set theory;image classification;image colour analysis;image segmentation;object detection;pattern matching;transforms;α-cuts;Hausdorff distance;MNIST digit classification task;best reported error rate;detecting patterns;fuzzy distance transform;fuzzy image data;fuzzy segmented images;fuzzy segmented objects;fuzzy sets;gray-level image data;gray-level images;gray-level intensity images;hand written digits;image analysis;image matching parts;kNN classifier;linear time distances;object classification;observed entity;pattern classification;pattern matching;performance evaluation;point-to-set distances;real image processing task;rigid body transformations;set-to-set distances;template matching;theoretical property;virus particle identification;Bidirectional control;Euclidean distance;Fuzzy sets;High definition video;Image processing;Pattern matching;Transforms;Set distance;character recognition;distance transform;gray-level;image registration;level set;object classification;path-based distance;template matching},
doi={10.1109/TIP.2013.2286904},
ISSN={1057-7149},}

@INPROCEEDINGS{Yongli,
author={Yongli Hu and Mingquan Zhou and Zhongke Wu},
booktitle={Computational Science and Its Applications, 2009. ICCSA '09. International Conference on},
title={An Automatic Non-rigid Point Matching Method for Dense 3D Face Scans},
year={2009},
month={June},
pages={215-221},
keywords={face recognition;image matching;image registration;iterative methods;3D face database;automatic nonrigid point matching method;dense 3D face scans;dense point alignment;dense point registration;flexible shape deformation;fully automatic point matching method;human facial morphology;iterative closest point searching strategy;point-to-point alignment solution;random point selecting method;thin plate spline transformation;Automatic control;Databases;Deformable models;Face;Humans;Interpolation;Iterative methods;Morphology;Spline;Testing},
doi={10.1109/ICCSA.2009.12},}

@INPROCEEDINGS{Wang10,
author={Wang Dong and Tang Shijie and Lv Yuanchang},
booktitle={Intelligent Computing and Integrated Systems (ICISS), 2010 International Conference on},
title={An automatic 3D face mesh transform based on point matching and its application},
year={2010},
month={Oct},
pages={225-228},
keywords={C++ language;face recognition;image matching;interpolation;splines (mathematics);statistical analysis;3D face vertex sets;OpenGL environments;VC++6.0 environments;automatic 3D face mesh transform;deterministic annealing algorithm;kriging interpolation;point matching;thin-plate spline;topological structures;Annealing;Deformable models;Kriging interpolation;iterative closest point;mesh transform;second life;thin-plate spline},
doi={10.1109/ICISS.2010.5656846},}

@article{guivant2001optimization,
  title={Optimization of the simultaneous localization and map-building algorithm for real-time implementation},
  author={Guivant, Jose E and Nebot, Eduardo Mario},
  journal={Robotics and Automation, IEEE Transactions on},
  volume={17},
  number={3},
  pages={242--257},
  year={2001},
  publisher={IEEE}
}

@article{auat2012laser,
  title={Laser-Based Trespassing Prediction in Restrictive Environments: A Linear Approach},
  author={Auat Cheein, Fernando and Scaglia, Gustavo},
  journal={Sensors},
  volume={12},
  number={9},
  pages={11870--11887},
  year={2012},
  publisher={Molecular Diversity Preservation International}
}

@article{das2014mapping,
  title={Mapping, Planning, and Sample Detection Strategies for Autonomous Exploration},
  author={Das, Arun and Diu, Michael and Mathew, Neil and Scharfenberger, Christian and Servos, James and Wong, Andy and Zelek, John S and Clausi, David A and Waslander, Steven L},
  journal={Journal of Field Robotics},
  volume={31},
  number={1},
  pages={75--106},
  year={2014},
  publisher={Wiley Online Library}
}

@inproceedings{dubuisson1994modified,
  title={A modified Hausdorff distance for object matching},
  author={Dubuisson, M-P and Jain, Anil K},
  booktitle={Pattern Recognition, 1994. Vol. 1-Conference A: Computer Vision and Image Processing., Proceedings of the 12th IAPR International Conference on},
  volume={1},
  pages={566--568},
  year={1994},
  organization={IEEE}
}


@article{leonard2008perception,
  title={A perception-driven autonomous urban vehicle},
  author={Leonard, John and How, Jonathan and Teller, Seth and Berger, Mitch and Campbell, Stefan and Fiore, Gaston and Fletcher, Luke and Frazzoli, Emilio and Huang, Albert and Karaman, Sertac and others},
  journal={Journal of Field Robotics},
  volume={25},
  number={10},
  pages={727--774},
  year={2008},
  publisher={Wiley Online Library}
}

@article{bacha2008odin,
  title={Odin: Team victortango's entry in the darpa urban challenge},
  author={Bacha, Andrew and Bauman, Cheryl and Faruque, Ruel and Fleming, Michael and Terwelp, Chris and Reinholtz, Charles and Hong, Dennis and Wicks, Al and Alberi, Thomas and Anderson,  David and others},
  journal={Journal of Field Robotics},
  volume={25},
  number={8},
  pages={467--492},
  year={2008},
  publisher={Wiley Online Library}
}

@article{Montemerlo:2008:JSE:1405647.1405651,
 author = {Montemerlo, Michael and Becker, Jan and Bhat, Suhrid and Dahlkamp, Hendrik and Dolgov, Dmitri and Ettinger, Scott and Haehnel, Dirk and Hilden, Tim and Hoffmann, Gabe and Huhnke, Burkhard and Johnston, Doug and Klumpp, Stefan and Langer, Dirk and Levandowski, Anthony and Levinson, Jesse and Marcil, Julien and Orenstein, David and Paefgen, Johannes and Penny, Isaac and Petrovskaya, Anna and Pflueger, Mike and Stanek, Ganymed and Stavens, David and Vogt, Antone and Thrun, Sebastian},
 title = {Junior: The Stanford Entry in the Urban Challenge},
 journal = {J. Field Robot.},
 issue_date = {September 2008},
 volume = {25},
 number = {9},
 month = sep,
 year = {2008},
 issn = {1556-4959},
 pages = {569--597},
 numpages = {29},
 url = {http://dx.doi.org/10.1002/rob.v25:9},
 doi = {10.1002/rob.v25:9},
 acmid = {1405651},
 publisher = {John Wiley and Sons Ltd.},
 address = {Chichester, UK},
}

@article{Urmson:2008:ADU:1395073.1395077,
 author = {Urmson, Chris and Anhalt, Joshua and Bagnell, Drew and Baker, Christopher and Bittner, Robert and Clark, M. N. and Dolan, John and Duggins, Dave and Galatali, Tugrul and Geyer, Chris and Gittleman, Michele and Harbaugh, Sam and Hebert, Martial and Howard, Thomas M. and Kolski, Sascha and Kelly, Alonzo and Likhachev, Maxim and McNaughton, Matt and Miller, Nick and Peterson, Kevin and Pilnick, Brian and Rajkumar, Raj and Rybski, Paul and Salesky, Bryan and Seo, Young-Woo and Singh, Sanjiv and Snider, Jarrod and Stentz, Anthony and Whittaker, William ``Red'' and Wolkowicki, Ziv and Ziglar, Jason and Bae, Hong and Brown, Thomas and Demitrish, Daniel and Litkouhi, Bakhtiar and Nickolaou, Jim and Sadekar, Varsha and Zhang, Wende and Struble, Joshua and Taylor, Michael and Darms, Michael and Ferguson, Dave},
 title = {Autonomous Driving in Urban Environments: Boss and the Urban Challenge},
 journal = {J. Field Robot.},
 issue_date = {August 2008},
 volume = {25},
 number = {8},
 month = aug,
 year = {2008},
 issn = {1556-4959},
 pages = {425--466},
 numpages = {42},
 url = {http://dx.doi.org/10.1002/rob.v25:8},
 doi = {10.1002/rob.v25:8},
 acmid = {1395077},
 publisher = {John Wiley and Sons Ltd.},
 address = {Chichester, UK},
}

@inproceedings{Jesorsky:2001:RFD:646073.677460,
 author = {Jesorsky, Oliver and Kirchberg, Klaus J. and Frischholz, Robert},
 title = {Robust Face Detection Using the Hausdorff Distance},
 booktitle = {Proceedings of the Third International Conference on Audio- and Video-Based Biometric Person Authentication},
 series = {AVBPA '01},
 year = {2001},
 isbn = {3-540-42216-1},
 pages = {90--95},
 numpages = {6},
 url = {http://dl.acm.org/citation.cfm?id=646073.677460},
 acmid = {677460},
 publisher = {Springer-Verlag},
 address = {London, UK, UK},
}

@INPROCEEDINGS{Kitt2010IV,
  author = {Bernd Kitt and Andreas Geiger and Henning Lategahn},
  title = {Visual Odometry based on Stereo Image Sequences with RANSAC-based Outlier Rejection Scheme},
  booktitle = {Intelligent Vehicles Symposium (IV)},
  year = {2010}
}

@BOOK{BarShalom,
  title = {Estimation with Applications to Tracking and Navigation},
  publisher = {Wiley-Interscience},
  year = {2001},
  author = {Bar-Shalom, Y. and Rong, X. and Kirubarajan, T.},
  address = {Canada}
}




@inproceedings{vahdat2007mobile,
  title={Mobile robot global localization using differential evolution and particle swarm optimization},
  author={Vahdat, Ali R and NourAshrafoddin, Naser and Ghidary, Saeed Shiry},
  booktitle={Evolutionary Computation, 2007. CEC 2007. IEEE Congress on},
  pages={1527--1534},
  year={2007},
  organization={IEEE}
}

@article{bashiri2012hybrid,
  title={Hybrid adaptive differential evolution for mobile robot localization},
  author={Bashiri, Masoud and Vatankhah, Hedayat and Ghidary, Saeed Shiry},
  journal={Intelligent Service Robotics},
  volume={5},
  number={2},
  pages={99--107},
  year={2012},
  publisher={Springer}
}

@PROCEEDINGS{DBLP:conf/darpa/2009,
  title = {The DARPA Urban Challenge: Autonomous Vehicles in City Traffic, George
	Air Force Base, Victorville, California, USA},
  year = {2009},
  editor = {Martin Buehler and Karl Iagnemma and Sanjiv Singh},
  volume = {56},
  series = {Springer Tracts in Advanced Robotics},
  publisher = {Springer},
  bibsource = {DBLP, http://dblp.uni-trier.de},
  booktitle = {The DARPA Urban Challenge},
  ee = {http://dx.doi.org/10.1007/978-3-642-03991-1},
  isbn = {978-3-642-03990-4}
}

@inproceedings{memoli2007use,
  title={On the use of Gromov-Hausdorff distances for shape comparison},
  author={Memoli, Facundo},
  booktitle={Eurographics symposium on point-based graphics},
  pages={81--90},
  year={2007},
  organization={The Eurographics Association}
}

@inproceedings{moreno2007evolutionary,
  title={Evolutionary filter for mobile robot global localization},
  author={Moreno, Luis and Munoz, M Luisa and Garrido, Santiago and Martin, Fernando},
  booktitle={IEEE International Symposium on Intelligent Signal Processing. Piscataway, NJ, USA: IEEE},
  pages={891--896},
  year={2007}
}

@inproceedings{maddern2012lost,
  title={Lost in translation (and rotation): Rapid extrinsic calibration for 2D and 3D LIDARs},
  author={Maddern, Will and Harrison, Alastair and Newman, Paul},
  booktitle={Robotics and Automation (ICRA), 2012 IEEE International Conference on},
  pages={3096--3102},
  year={2012},
  organization={IEEE}
}

@article{martin2014kullback,
  title={Kullback--Leibler divergence-based global localization for mobile robots},
  author={Mart{\'\i}n, Fernando and Moreno, Luis and Blanco, Dolores and Mu{\~n}oz, Mar{\'\i}a Luisa},
  journal={Robotics and Autonomous Systems},
  volume={62},
  number={2},
  pages={120--130},
  year={2014},
  publisher={Elsevier}
}

@ARTICLE{Huttenlocher93comparingimages,
    author = {Daniel P. Huttenlocher and Gregory A. Klanderman and Gregory A. Kl and William J. Rucklidge},
    title = {Comparing Images Using the Hausdorff Distance},
    journal = {IEEE Transactions on Pattern Analysis and Machine Intelligence},
    year = {1993},
    volume = {15},
    pages = {850--863}
}

@article{Porta2005,
	year={2005},
	issn={0929-5593},
	journal={Autonomous Robots},
	volume={18},
	number={1},
	doi={10.1023/B:AURO.0000047287.00119.b6},
	title={Active Appearance-Based Robot Localization Using Stereo Vision},
	url={http://dx.doi.org/10.1023/B%3AAURO.0000047287.00119.b6},
	publisher={Kluwer Academic Publishers},
	keywords={localization; appearance-based modeling; active vision; depth maps; stereo vision},
	author={Porta, J.M. and Verbeek, J.J. and Kröse, B.J.A.},
	pages={59-80},
	language={English}
}

@ARTICLE{BachrachJFR11,
	AUTHOR = {A. Bachrach and S. Prentice and R. He and N. Roy},
	TITLE  ={RANGE - Robust Autonomous Navigation in GPS-denied Environments},
	JOURNAL = {Journal of Field Robotics},
	YEAR = {2011},
	VOLUME = {28},
	NUMBER = {5},
	PAGES = {644-666},
	MONTH = {September}
}

@ARTICLE{Thrun00j,
	AUTHOR         = {Thrun, S. and Fox, D. and Burgard, W. and Dellaert, F.},
	TITLE          = {Robust Monte Carlo Localization for Mobile Robots},
	YEAR           = {2000},
	JOURNAL        = {Artificial Intelligence},
	VOLUME         = {128},
	NUMBER         = {1-2},
	PAGES          = {99--141}
}

@inproceedings{Ferris2007,
	 author = {Ferris, Brian and Fox, Dieter and Lawrence, Neil},
	 title = {WiFi-SLAM Using Gaussian Process Latent Variable Models},
	 booktitle = {Proceedings of the 20th International Joint Conference on Artifical Intelligence},
	 series = {IJCAI'07},
	 year = {2007},
	 location = {Hyderabad, India},
	 pages = {2480--2485},
	 numpages = {6},
	 url = {http://dl.acm.org/citation.cfm?id=1625275.1625675},
	 acmid = {1625675},
	 publisher = {Morgan Kaufmann Publishers Inc.},
	 address = {San Francisco, CA, USA},
}

@ARTICLE{Wymeersch2009,
	author={Wymeersch, H. and Lien, J. and Win, M.Z.},
	journal={Proceedings of the IEEE},
	title={Cooperative Localization in Wireless Networks},
	year={2009},
	volume={97},
	number={2},
	pages={427-450},
	keywords={delays;mobility management (mobile radio);statistical analysis;telecommunication network topology;ultra wideband communication;cooperative localization;location-aware technologies;network topology;statistical inference;subnanosecond delays;ubiquitous location-awareness;ultrawide bandwidth wireless networks;wireless networks;Bandwidth;Inference algorithms;Laboratories;Phase measurement;Pollution measurement;Robustness;State estimation;Temperature sensors;Wireless communication;Wireless networks;Cooperative processing;factor graphs;localization;sum-product algorithm;ultrawide bandwidth transmission},
	doi={10.1109/JPROC.2008.2008853},
	ISSN={0018-9219},
}

@INPROCEEDINGS{Jung04detectingmoving,
    author = {Boyoon Jung and Gaurav S. Sukhatme},
    title = {Detecting moving objects using a single camera on a mobile robot in an outdoor environment},
    booktitle = {in International Conference on Intelligent Autonomous Systems},
    year = {2004},
    pages = {980--987}
}

@inproceedings{Endres2012,
  added-at = {2012-07-19T00:00:00.000+0200},
  author = {Endres, Felix and Hess, Jürgen and Engelhard, Nikolas and Sturm, Jürgen and Cremers, Daniel and Burgard, Wolfram},
  biburl = {http://www.bibsonomy.org/bibtex/25f62bdbb65b8dd468246e5da266b7fbf/dblp},
  booktitle = {ICRA},
  ee = {http://dx.doi.org/10.1109/ICRA.2012.6225199},
  interhash = {a37b27802831665782b79b03d3cce03b},
  intrahash = {5f62bdbb65b8dd468246e5da266b7fbf},
  isbn = {978-1-4673-1403-9},
  keywords = {dblp},
  pages = {1691-1696},
  publisher = {IEEE},
  timestamp = {2012-07-19T00:00:00.000+0200},
  title = {An evaluation of the RGB-D SLAM system.},
  url = {http://dblp.uni-trier.de/db/conf/icra/icra2012.html#EndresHESCB12},
  year = 2012
}

@INPROCEEDINGS{Shahram2011,
    author = {Shahram Izadi and David Kim and Otmar Hilliges and David Molyneaux and Richard Newcombe and Pushmeet Kohli and Jamie Shotton and Steve Hodges and Dustin Freeman and Andrew Davison and Andrew Fitzgibbon},
    title = {Kinectfusion: real-time 3D reconstruction and interaction using a moving depth camera},
    booktitle = {In Proc. UIST},
    year = {2011},
    pages = {559--568}
}

@INPROCEEDINGS{Brubaker2013CVPR,
  author = {Marcus A. Brubaker and Andreas Geiger and Raquel Urtasun},
  title = {Lost! Leveraging the Crowd for Probabilistic Visual Self-Localization},
  booktitle = {Conference on Computer Vision and Pattern Recognition (CVPR)},
  year = {2013}
}


@inproceedings{Levinson-RSS-07,
    author = {Levinson, Jesse and Montemerlo, Michael and Thrun, Sebastian},
    booktitle = {Robotics: Science and Systems},
    citeulike-article-id = {11685767},
    posted-at = {2012-11-13 18:29:58},
    priority = {2},
    title = {{Map-Based Precision Vehicle Localization in Urban Environments}},
    year = {2007}
}

@article{Donoso2008,
	author = {Donoso-Aguirre,F. and Bustos-Salas,J.-P. and Torres-Torriti,M. and Guesalaga,A.},
	title = {Mobile robot localization using the Hausdorff distance},
	journal = {Robotica},
	volume = {26},
	issue = {02},
	month = {3},
	year = {2008},
	issn = {1469-8668},
	pages = {129--141},
	numpages = {13},
	doi = {10.1017/S0263574707003657},
	URL = {http://journals.cambridge.org/article\_S0263574707003657},
}

@inproceedings{Haeberlen2004,
 author = {Haeberlen, Andreas and Flannery, Eliot and Ladd, Andrew M. and Rudys, Algis and Wallach, Dan S. and Kavraki, Lydia E.},
 title = {Practical Robust Localization over Large-scale 802.11 Wireless Networks},
 booktitle = {Proceedings of the 10th Annual International Conference on Mobile Computing and Networking},
 series = {MobiCom '04},
 year = {2004},
 isbn = {1-58113-868-7},
 location = {Philadelphia, PA, USA},
 pages = {70--84},
 numpages = {15},
 url = {http://doi.acm.org/10.1145/1023720.1023728},
 doi = {10.1145/1023720.1023728},
 acmid = {1023728},
 publisher = {ACM},
 address = {New York, NY, USA},
 keywords = {802.11, Bayesian methods, location-aware computing, mobile systems, topological localization, wireless networks},
}

@article{Pablo2008,
	author = {Pablo Espinace and Alvaro Soto and Miguel Torres-Torriti},
	title = {Real-Time Robot Localization in Indoor Environments Using Structural Information},
	journal ={Latin American Robotics Symposium and Intelligent Robotics Meeting},
	volume = {0},
	isbn = {978-0-7695-3536-4},
	year = {2008},
	pages = {79-84},
	doi = {http://doi.ieeecomputersociety.org/10.1109/LARS.2008.27},
	publisher = {IEEE Computer Society},
	address = {Los Alamitos, CA, USA},
}

@inproceedings{Ladd2002,
 author = {Ladd, Andrew M. and Bekris, Kostas E. and Rudys, Algis and Marceau, Guillaume and Kavraki, Lydia E. and Wallach, Dan S.},
 title = {Robotics-based location sensing using wireless ethernet},
 booktitle = {Proceedings of the 8th annual international conference on Mobile computing and networking},
 series = {MobiCom '02},
 year = {2002},
 isbn = {1-58113-486-X},
 location = {Atlanta, Georgia, USA},
 pages = {227--238},
 numpages = {12},
 url = {http://doi.acm.org/10.1145/570645.570674},
 doi = {10.1145/570645.570674},
 acmid = {570674},
 publisher = {ACM},
 address = {New York, NY, USA},
 keywords = {802.11, localization, mobile systems, probabilistic analysis, wireless networks},
}

@inproceedings{LevinsonT10,
    author = {Levinson, Jesse and Thrun, Sebastian},
    booktitle = {ICRA},
    citeulike-article-id = {11423897},
    pages = {4372--4378},
    posted-at = {2012-10-09 14:52:24},
    priority = {2},
    title = {{Robust vehicle localization in urban environments using probabilistic maps}},
    year = {2010}
}

@inproceedings{TorresTorritiG08,
  added-at = {2008-11-06T00:00:00.000+0100},
  author = {Torres-Torriti, Miguel and Guesalaga, Andres},
  biburl = {http://www.bibsonomy.org/bibtex/2e94a069cf6b80480c39f3825183cb9f2/dblp},
  booktitle = {ICRA},
  crossref = {conf/icra/2008},
  date = {2008-11-06},
  description = {dblp},
  ee = {http://dx.doi.org/10.1109/ROBOT.2008.4543249},
  interhash = {8db6c6d86d4eac1797ce8b0945e47158},
  intrahash = {e94a069cf6b80480c39f3825183cb9f2},
  keywords = {dblp},
  pages = {455-460},
  publisher = {IEEE},
  timestamp = {2008-11-06T00:00:00.000+0100},
  title = {Scan-to-map matching using the Hausdorff distance for robust mobile robot localization.},
  url = {http://dblp.uni-trier.de/db/conf/icra/icra2008.html#Torres-TorritiG08},
  year = 2008
}

@INPROCEEDINGS{Schneegans07usingrfid,
    author = {Sebastian Schneegans and Philipp Vorst and Andreas Zell},
    title = {Using RFID Snapshots for Mobile Robot Self-Localization},
    booktitle = {EUROPEAN CONFERENCE ON MOBILE ROBOTS},
    year = {2007},
    pages = {241--246},
    publisher = {}
}

@proceedings{Chausse2005,
    abstract = {{Localization is an important functionality for the navigation of intelligent vehicles. It is usually done using several kinds of sensors (proprioceptive, GPS, camera). All the data are uncertain and even momentarily unavailable (GPS in urban areas for example). A data fusion process is necessary for sensors data to compensate one each other. We propose here to combine GPS absolute localization with data computed by a vision system giving the position and orientation of the vehicle on the road. This last local information is transformed into a global reference using a map of the environment. The localization parameters are estimated using a particles filter making it possible to manage multimodal estimations (the vehicle can be on the left lane or on the right one for example). Many results have been obtained in real time and on real roads by implementing this solution in an experimental vehicle. The best standard deviation reached is 48 cm along the road axis and 8 cm along the axis normal to the road.}},
    author = {Chausse, F. and Laneurit, J. and Chapuis, R.},
    citeulike-article-id = {5814756},
    citeulike-linkout-0 = {http://dx.doi.org/10.1109/ivs.2005.1505109},
    citeulike-linkout-1 = {http://ieeexplore.ieee.org/xpls/abs\_all.jsp?arnumber=1505109},
    day = {12},
    doi = {10.1109/ivs.2005.1505109},
    journal = {Intelligent Vehicles Symposium, 2005. Proceedings. IEEE},
    keywords = {camera-tracking, vehicle, vehicle-localization},
    month = sep,
    pages = {243--248},
    posted-at = {2009-09-21 16:38:45},
    priority = {2},
    title = {{Vehicle localization on a digital map using particles filtering}},
    url = {http://dx.doi.org/10.1109/ivs.2005.1505109},
    year = {2005}
}

@ARTICLE{Davison07monoslam,
    author = {Andrew J. Davison and Ian D. Reid and Nicholas D. Molton and Olivier Stasse},
    title = {MonoSLAM: Real-time single camera SLAM},
    journal = {IEEE Trans. Pattern Analysis and Machine Intelligence},
    year = {2007},
    volume = {29},
    pages = {2007}
}
@article{Dirac1953888,
  title   = "The lorentz transformation and absolute time",
  journal = "Physica ",
  volume  = "19",
  number  = "1-?12",
  pages   = "888--896",
  year    = "1953",
  doi     = "10.1016/S0031-8914(53)80099-6",
  author  = "P.A.M. Dirac"
}

@article{Feynman1963118,
  title   = "The theory of a general quantum system interacting with a linear dissipative system",
  journal = "Annals of Physics ",
  volume  = "24",
  pages   = "118--173",
  year    = "1963",
  doi     = "10.1016/0003-4916(63)90068-X",
  author  = "R.P Feynman and F.L {Vernon Jr.}"
}

@book{01DARPAUrban2007,
	author = {Buehler, Martin and Iagnemma, Karl and Singh, Sanjiv},
	title = {The DARPA Urban Challenge: Autonomous Vehicles in City Traffic},
	year = {2009},
	isbn = {3642039901, 9783642039904},
	edition = {1st},
	publisher = {Springer Publishing Company, Incorporated},
}

@book{02DARPAGrand2005,
	title={The 2005 DARPA Grand Challenge: The Great Robot Race},
	author={Buehler, Martin and Iagnemma, Karl and Singh, Sanjiv},
	volume={36},
	year={2007},
	publisher={Springer}
}

@article{03urmson2012self,
	title={The self-driving car logs more miles on new wheels},
	author={Urmson, Chris},
	journal={Google Official Blog},
	year={2012}
}

@article{04AutoNOMOS,
	title={Press Release, 9/20/11 | AutoNOMOS - Autonomous Cars from Berlin},
	author={AutoNOMOS},
	journal={Available: http://autonomos.inf.fu-berlin.de/news/press-release-92011},
	year={2011}
}

@article{05Volvo,
	title={Gizmag takes a ride in Volvo?s most autonomous car yet},
	author={Volvo},
	journal={http://www.gizmag.com/volvo-autonomous-cars/28161/},
	year={2014}
}

@article{06Mercedes-Benz,
	title={Mercedes-Benz reveals recent test of self-driving car - LA Times},
	author={Mercedes-Benz},
	journal={http://www.latimes.com/business/autos/la-fi-hy-autos-mercedes-autonomous-car-20130909-story.html},
	year={2014}
}

@article{07durrant2006simultaneous,
	title={Simultaneous localization and mapping: part I},
	author={Durrant-Whyte, Hugh and Bailey, Tim},
	journal={Robotics \& Automation Magazine, IEEE},
	volume={13},
	number={2},
	pages={99--110},
	year={2006},
	publisher={IEEE}
}

@inproceedings{08weingarten2005ekf,
	title={EKF-based 3D SLAM for structured environment reconstruction},
	author={Weingarten, Jan and Siegwart, Roland},
	booktitle={Intelligent Robots and Systems, 2005.(IROS 2005). 2005 IEEE/RSJ International Conference on},
	pages={3834--3839},
	year={2005},
	organization={IEEE}
}

@phdthesis{09williams2001efficient,
	title={Efficient solutions to autonomous mapping and navigation problems},
	author={Williams, Stefan Bernard},
	year={2001},
	school={The University of Sydney}
}

@article{10thrun2006graph,
	title={The graph SLAM algorithm with applications to large-scale mapping of urban structures},
	author={Thrun, Sebastian and Montemerlo, Michael},
	journal={The International Journal of Robotics Research},
	volume={25},
	number={5-6},
	pages={403--429},
	year={2006},
	publisher={SAGE Publications}
}

@article{11dissanayake2002map,
	title={Map management for efficient simultaneous localization and mapping (SLAM)},
	author={Dissanayake, Gamini and Williams, Stefan B and Durrant-Whyte, Hugh and Bailey, Tim},
	journal={Autonomous Robots},
	volume={12},
	number={3},
	pages={267--286},
	year={2002},
	publisher={Springer}
}

@inproceedings{12duckett2000learning,
	title={Learning globally consistent maps by relaxation},
	author={Duckett, Tom and Marsland, Stephen and Shapiro, Jonathan},
	booktitle={Robotics and Automation, 2000. Proceedings. ICRA'00. IEEE International Conference on},
	volume={4},
	pages={3841--3846},
	year={2000},
	organization={IEEE}
}

@inproceedings{13levinson2007map,
	title={Map-Based Precision Vehicle Localization in Urban Environments.},
	author={Levinson, Jesse and Montemerlo, Michael and Thrun, Sebastian},
	booktitle={Robotics: Science and Systems},
	year={2007},
	organization={Citeseer}
}

@article{14thrun2001robust,
	title={Robust Monte Carlo localization for mobile robots},
	author={Thrun, Sebastian and Fox, Dieter and Burgard, Wolfram and Dellaert, Frank},
	journal={Artificial intelligence},
	volume={128},
	number={1},
	pages={99--141},
	year={2001},
	publisher={Elsevier}
}

@inproceedings{15roumeliotis2000bayesian,
	title={Bayesian estimation and Kalman filtering: A unified framework for mobile robot localization},
	author={Roumeliotis, Stergios I and Bekey, George A},
	booktitle={Robotics and Automation, 2000. Proceedings. ICRA'00. IEEE International Conference on},
	volume={3},
	pages={2985--2992},
	year={2000},
	organization={IEEE}
}

@inproceedings{16likhachev2005anytime,
	title={Anytime Dynamic A*: An Anytime, Replanning Algorithm.},
	author={Likhachev, Maxim and Ferguson, David I and Gordon, Geoffrey J and Stentz, Anthony and Thrun, Sebastian},
	booktitle={ICAPS},
	pages={262--271},
	year={2005}
}

@article{17lavalle2000rapidly,
	title={Rapidly-exploring random trees: Progress and prospects},
	author={LaValle, Steven M and Kuffner Jr, James J},
	year={2000},
	publisher={Citeseer}
}

@article{18thrun1998learning,
	title={Learning metric-topological maps for indoor mobile robot navigation},
	author={Thrun, Sebastian},
	journal={Artificial Intelligence},
	volume={99},
	number={1},
	pages={21--71},
	year={1998},
	publisher={Elsevier}
}

@phdthesis{19bailey2002mobile,
	title={Mobile robot localisation and mapping in extensive outdoor environments},
	author={Bailey, Tim},
	year={2002},
	school={Citeseer}
}

@inproceedings{20perera2003sensor,
	title={Sensor bias correction in simultaneous localization and mapping},
	author={Perera, Lochana DL and Wijesoma, Wijerupage S and Challa, Subhash and Adams, MD},
	booktitle={Sixth International Conference on Information Fusion},
	volume={1},
	pages={817--24},
	year={2003},
	organization={Springer}
}

@inproceedings{21kummerle2011simultaneous,
	title={Simultaneous calibration, localization, and mapping},
	author={K{\"u}mmerle, R and Grisetti, Giorgio and Burgard, Wolfram},
	booktitle={Intelligent Robots and Systems (IROS), 2011 IEEE/RSJ International Conference on},
	pages={3716--3721},
	year={2011},
	organization={IEEE}
}

@article{22montemerlo2008junior,
	title={Junior: The stanford entry in the urban challenge},
	author={Montemerlo, Michael and Becker, Jan and Bhat, Suhrid and Dahlkamp, Hendrik and Dolgov, Dmitri and Ettinger, Scott and Haehnel, Dirk and Hilden, Tim and Hoffmann, Gabe and Huhnke, Burkhard and others},
	journal={Journal of field Robotics},
	volume={25},
	number={9},
	pages={569--597},
	year={2008},
	publisher={Wiley Online Library}
}

@book{23baeza1999modern,
	title={Modern information retrieval},
	author={Baeza-Yates, Ricardo and Ribeiro-Neto, Berthier and others},
	volume={463},
	year={1999},
	publisher={ACM press New York}
}

@incollection{24cahill2010normalized,
	title={Normalized measures of mutual information with general definitions of entropy for multimodal image registration},
	author={Cahill, Nathan D},
	booktitle={Biomedical Image Registration},
	pages={258--268},
	year={2010},
	publisher={Springer}
}

@incollection{25de2008face,
	title={Face recognition with VG-RAM weightless neural networks},
	author={De Souza, Alberto F and Badue, Claudine and Pedroni, Felipe and Oliveira, Elias and Dias, Stiven Schwanz and Oliveira, Hallysson and de Souza, Soterio Ferreira},
	booktitle={Artificial Neural Networks-ICANN 2008},
	pages={951--960},
	year={2008},
	publisher={Springer}
}

@book{26thrun2005probabilistic,
	title={Probabilistic robotics},
	author={Thrun, Sebastian and Burgard, Wolfram and Fox, Dieter},
	year={2005},
	publisher={MIT press}
}

@inproceedings{27moreno2007evolutionary,
	title={Evolutionary filter for mobile robot global localization},
	author={Moreno, Luis and Munoz, M Luisa and Garrido, Santiago and Martin, Fernando},
	booktitle={IEEE International Symposium on Intelligent Signal Processing. Piscataway, NJ, USA: IEEE},
	pages={891--896},
	year={2007}
}

@inproceedings{28senlet2011framework,
	title={A framework for global vehicle localization using stereo images and satellite and road maps},
	author={Senlet, Turgay and Elgammal, Ahmed},
	booktitle={Computer Vision Workshops (ICCV Workshops), 2011 IEEE International Conference on},
	pages={2034--2041},
	year={2011},
	organization={IEEE}
}

@article{29kummerle2011large,
	title={Large scale graph-based SLAM using aerial images as prior information},
	author={K{\"u}mmerle, Rainer and Steder, Bastian and Dornhege, Christian and Kleiner, Alexander and Grisetti, Giorgio and Burgard, Wolfram},
	journal={Autonomous Robots},
	volume={30},
	number={1},
	pages={25--39},
	year={2011},
	publisher={Springer}
}

@inproceedings{30mattern2010high,
	title={High-accurate vehicle localization using digital maps and coherency images},
	author={Mattern, Norman and Schubert, Robin and Wanielik, Gerd},
	booktitle={Intelligent Vehicles Symposium (IV), 2010 IEEE},
	pages={462--469},
	year={2010},
	organization={IEEE}
}

@phdthesis{31kummerle2013state,
	title={State estimation and optimization for mobile robot navigation},
	author={K{\"u}mmerle, Rainer},
	year={2013},
	school={Universit{\"a}tsbibliothek Freiburg}
}

@incollection{32smith1990estimating,
	title={Estimating uncertain spatial relationships in robotics},
	author={Smith, Randall and Self, Matthew and Cheeseman, Peter},
	booktitle={Autonomous robot vehicles},
	pages={167--193},
	year={1990},
	publisher={Springer}
}

@inproceedings{33sibley2006iterated,
	title={The Iterated Sigma Point Kalman Filter with Applications to Long Range Stereo.},
	author={Sibley, Gabe and Sukhatme, Gaurav and Matthies, Larry},
	booktitle={Robotics: Science and Systems},
	volume={8},
	number={1},
	pages={235--244},
	year={2006}
}

@article{34dissanayake2001solution,
	title={A solution to the simultaneous localization and map building (SLAM) problem},
	author={Dissanayake, MWM Gamini and Newman, Paul and Clark, Steve and Durrant-Whyte, Hugh F and Csorba, Michael},
	journal={Robotics and Automation, IEEE Transactions on},
	volume={17},
	number={3},
	pages={229--241},
	year={2001},
	publisher={IEEE}
}

@book{35maybeck1982stochastic,
	title={Stochastic models, estimation, and control},
	author={Maybeck, Peter S},
	volume={3},
	year={1982},
	publisher={Academic press}
}

@article{36cheein2010slam,
	title={SLAM algorithm applied to robotics assistance for navigation in unknown environments},
	author={Cheein, Fernando A Auat and Lopez, Natalia and Soria, Carlos M and di Sciascio, Fernando A and Pereira, Fernando Lobo and Carelli, Ricardo},
	journal={Journal of neuroengineering and rehabilitation},
	volume={7},
	number={1},
	pages={10},
	year={2010},
	publisher={BioMed Central Ltd}
}

@article{37auat2011optimized,
	title={Optimized EIF-SLAM algorithm for precision agriculture mapping based on stems detection},
	author={Cheein, Fernando A Auat and Steiner, G and Perez Paina, G and Carelli, R},
	journal={Computers and Electronics in Agriculture},
	volume={78},
	number={2},
	pages={195--207},
	year={2011},
	publisher={Elsevier}
}

@inproceedings{38mallios2010ekf,
	title={EKF-SLAM for AUV navigation under probabilistic sonar scan-matching},
	author={Mallios, Angelos and Ridao, Pere and Ribas, David and Maurelli, Francesco and Petillot, Yvan},
	booktitle={Intelligent Robots and Systems (IROS), 2010 IEEE/RSJ International Conference on},
	pages={4404--4411},
	year={2010},
	organization={IEEE}
}

@article{39guivant2001optimization,
	title={Optimization of the simultaneous localization and map-building algorithm for real-time implementation},
	author={Guivant, Jos{\'e} E and Nebot, Eduardo Mario},
	journal={Robotics and Automation, IEEE Transactions on},
	volume={17},
	number={3},
	pages={242--257},
	year={2001},
	publisher={IEEE}
}

@article{40guivant2002simultaneous,
	title={Simultaneous localization and map building using natural features and absolute information},
	author={Guivant, Jos{\'e} E and Masson, Favio R and Nebot, Eduardo M},
	journal={Robotics and Autonomous Systems},
	volume={40},
	number={2},
	pages={79--90},
	year={2002},
	publisher={Elsevier}
}

@inproceedings{41montemerlo2002fastslam,
	title={FastSLAM: A factored solution to the simultaneous localization and mapping problem},
	author={Montemerlo, Michael and Thrun, Sebastian and Koller, Daphne and Wegbreit, Ben and others},
	booktitle={AAAI/IAAI},
	pages={593--598},
	year={2002}
}

@article{42montemerlo2007fastslam,
	title={FastSLAM 2.0},
	author={Montemerlo, Michael and Thrun, Sebastian},
	journal={FastSLAM: A Scalable Method for the Simultaneous Localization and Mapping Problem in Robotics},
	pages={63--90},
	year={2007},
	publisher={Springer}
}

@article{43lu1997globally,
	title={Globally consistent range scan alignment for environment mapping},
	author={Lu, Feng and Milios, Evangelos},
	journal={Autonomous robots},
	volume={4},
	number={4},
	pages={333--349},
	year={1997},
	publisher={Springer}
}

@inproceedings{44golfarelli1998elastic,
	title={Elastic correction of dead-reckoning errors in map building},
	author={Golfarelli, Matteo and Maio, Dario and Rizzi, Stefano},
	booktitle={Intelligent Robots and Systems, 1998. Proceedings., 1998 IEEE/RSJ International Conference on},
	volume={2},
	pages={905--911},
	year={1998},
	organization={IEEE}
}

@inproceedings{45frese2001simultaneous,
	title={Simultaneous localization and mapping-a discussion},
	author={Frese, Udo and Hirzinger, Gerd},
	booktitle={Proceedings of the IJCAI Workshop on Reasoning with Uncertainty in Robotics},
	pages={17--26},
	year={2001}
}

@inproceedings{46konolige2004large,
	title={Large-scale map-making},
	author={Konolige, Kurt},
	booktitle={Proceedings of the National Conference on Artificial Intelligence},
	pages={457--463},
	year={2004},
	organization={Menlo Park, CA; Cambridge, MA; London; AAAI Press; MIT Press; 1999}
}

@article{47leonard2008perception,
	title={A perception-driven autonomous urban vehicle},
	author={Leonard, John and How, Jonathan and Teller, Seth and Berger, Mitch and Campbell, Stefan and Fiore, Gaston and Fletcher, Luke and Frazzoli, Emilio and Huang, Albert and Karaman, Sertac and others},
	journal={Journal of Field Robotics},
	volume={25},
	number={10},
	pages={727--774},
	year={2008},
	publisher={Wiley Online Library}
}

@inproceedings{48levinson2010robust,
	title={Robust vehicle localization in urban environments using probabilistic maps},
	author={Levinson, Jesse and Thrun, Sebastian},
	booktitle={Robotics and Automation (ICRA), 2010 IEEE International Conference on},
	pages={4372--4378},
	year={2010},
	organization={IEEE}
}

@inproceedings{49chausse2005vehicle,
	title={Vehicle localization on a digital map using particles filtering},
	author={Chausse, Frederic and Laneurit, Jean and Chapuis, Roland},
	booktitle={Intelligent Vehicles Symposium, 2005. Proceedings. IEEE},
	pages={243--248},
	year={2005},
	organization={IEEE}
}

@book{50wickens2005fundamentals,
	title={Fundamentals of rail vehicle dynamics},
	author={Wickens, Alan},
	year={2005},
	publisher={CRC Press}
}

@inproceedings{51dogruer2008global,
	title={Global urban localization of outdoor mobile robots using satellite images},
	author={Dogruer, Can Ulas and Koku, B and Dolen, Melik},
	booktitle={Intelligent Robots and Systems, 2008. IROS 2008. IEEE/RSJ International Conference on},
	pages={3927--3932},
	year={2008},
	organization={IEEE}
}

@inproceedings{52kummerle2011g,
	title={g 2 o: A general framework for graph optimization},
	author={K{\"u}mmerle, Rainer and Grisetti, Giorgio and Strasdat, Hauke and Konolige, Kurt and Burgard, Wolfram},
	booktitle={Robotics and Automation (ICRA), 2011 IEEE International Conference on},
	pages={3607--3613},
	year={2011},
	organization={IEEE}
}

@inproceedings{53eberhart1995new,
	title={A new optimizer using particle swarm theory},
	author={Eberhart, Russ C and Kennedy, James},
	booktitle={Proceedings of the sixth international symposium on micro machine and human science},
	volume={1},
	pages={39--43},
	year={1995},
	organization={New York, NY}
}

@article{54sotelo2003lateral,
	title={Lateral control strategy for autonomous steering of Ackerman-like vehicles},
	author={Sotelo, Miguel Angel},
	journal={Robotics and Autonomous Systems},
	volume={45},
	number={3},
	pages={223--233},
	year={2003},
	publisher={Elsevier}
}

@book{55bai2000templates,
	title={Templates for the solution of algebraic eigenvalue problems: a practical guide},
	author={Bai, Zhaojun and Demmel, James and Dongarra, Jack and Ruhe, Axel and van der Vorst, Henk},
	volume={11},
	year={2000},
	publisher={Siam}
}

@article{56hamming1950error,
	title={Error detecting and error correcting codes},
	author={Hamming, Richard W},
	journal={Bell System technical journal},
	volume={29},
	number={2},
	pages={147--160},
	year={1950},
	publisher={Wiley Online Library}
}

@inproceedings{57mei2011building,
	title={On building an accurate stereo matching system on graphics hardware},
	author={Mei, Xing and Sun, Xun and Zhou, Mingcai and Wang, Haitao and Zhang, Xiaopeng and others},
	booktitle={Computer Vision Workshops (ICCV Workshops), 2011 IEEE International Conference on},
	pages={467--474},
	year={2011},
	organization={IEEE}
}

@inproceedings{58segal2009generalized,
	title={Generalized-ICP.},
	author={Segal, Aleksandr and Haehnel, Dirk and Thrun, Sebastian},
	booktitle={Robotics: Science and Systems},
	volume={2},
	number={4},
	year={2009}
}

@inproceedings{59besl1992method,
	title={Method for registration of 3-D shapes},
	author={Besl, Paul J and McKay, Neil D},
	booktitle={Robotics-DL tentative},
	pages={586--606},
	year={1992},
	organization={International Society for Optics and Photonics}
}

@inproceedings{60kummerle2009autonomous,
	title={Autonomous driving in a multi-level parking structure},
	author={K{\"u}mmerle, Rainer and Hahnel, Dirk and Dolgov, Dmitri and Thrun, Sebastian and Burgard, Wolfram},
	booktitle={Robotics and Automation, 2009. ICRA'09. IEEE International Conference on},
	pages={3395--3400},
	year={2009},
	organization={IEEE}
}

@inproceedings{61sunderhauf2012switchable,
	title={Switchable constraints for robust pose graph slam},
	author={Sunderhauf, N and Protzel, Peter},
	booktitle={Intelligent Robots and Systems (IROS), 2012 IEEE/RSJ International Conference on},
	pages={1879--1884},
	year={2012},
	organization={IEEE}
}

@article{62tardos2002robust,
	title={Robust mapping and localization in indoor environments using sonar data},
	author={Tard{\'o}s, Juan D and Neira, Jos{\'e} and Newman, Paul M and Leonard, John J},
	journal={The International Journal of Robotics Research},
	volume={21},
	number={4},
	pages={311--330},
	year={2002},
	publisher={SAGE Publications}
}

@article{63choset2001topological,
	title={Topological simultaneous localization and mapping (SLAM): toward exact localization without explicit localization},
	author={Choset, Howie and Nagatani, Keiji},
	journal={Robotics and Automation, IEEE Transactions on},
	volume={17},
	number={2},
	pages={125--137},
	year={2001},
	publisher={IEEE}
}

@article{64henry2012rgb,
	title={RGB-D mapping: Using Kinect-style depth cameras for dense 3D modeling of indoor environments},
	author={Henry, Peter and Krainin, Michael and Herbst, Evan and Ren, Xiaofeng and Fox, Dieter},
	journal={The International Journal of Robotics Research},
	volume={31},
	number={5},
	pages={647--663},
	year={2012},
	publisher={SAGE Publications}
}

@article{65gonzalez2002navigation,
	title={Navigation strategies for exploring indoor environments},
	author={Gonz{\'a}lez-Banos, H{\'e}ctor H and Latombe, Jean-Claude},
	journal={The International Journal of Robotics Research},
	volume={21},
	number={10-11},
	pages={829--848},
	year={2002},
	publisher={SAGE Publications}
}

@article{66milford2008mapping,
	title={Mapping a suburb with a single camera using a biologically inspired SLAM system},
	author={Milford, Michael J and Wyeth, Gordon F},
	journal={Robotics, IEEE Transactions on},
	volume={24},
	number={5},
	pages={1038--1053},
	year={2008},
	publisher={IEEE}
}

@article{67jo2014generation,
	title={Generation of a Precise Roadway Map for Autonomous Cars},
	author={Jo, Kichun and Sunwoo, Myoungho},
	year={2014},
	publisher={IEEE}
}

@article{68mcdonald2013real,
	title={Real-time 6-DOF multi-session visual SLAM over large-scale environments},
	author={McDonald, John and Kaess, Michael and Cadena, C and Neira, Jos{\'e} and Leonard, John J},
	journal={Robotics and Autonomous Systems},
	volume={61},
	number={10},
	pages={1144--1158},
	year={2013},
	publisher={Elsevier}
}

@inproceedings{69rogers2013robot,
	title={Robot mapping in large-scale mixed indoor and outdoor environments},
	author={Rogers, John G and Young, Stuart and Gregory, Jason and Nieto-Granda, Carlos and Christensen, Henrik I},
	booktitle={SPIE Defense, Security, and Sensing},
	pages={874107--874107},
	year={2013},
	organization={International Society for Optics and Photonics}
}

@article{70clerc2002particle,
	title={The particle swarm-explosion, stability, and convergence in a multidimensional complex space},
	author={Clerc, Maurice and Kennedy, James},
	journal={Evolutionary Computation, IEEE Transactions on},
	volume={6},
	number={1},
	pages={58--73},
	year={2002},
	publisher={IEEE}
}

@inproceedings{71de2009swarm,
	title={Swarm's flight: accelerating the particles using C-CUDA},
	author={Veronese, Lucas de Paula and Krohling, Renato A},
	booktitle={Evolutionary Computation, 2009. CEC'09. IEEE Congress on},
	pages={3264--3270},
	year={2009},
	organization={IEEE}
}

@inproceedings{72montemerlo2003perspectives,
  title={Perspectives on standardization in mobile robot programming: The Carnegie Mellon navigation (CARMEN) toolkit},
  author={Montemerlo, D and Roy, Nicholas and Thrun, Sebastian},
  booktitle={Intelligent Robots and Systems, 2003.(IROS 2003). Proceedings. 2003 IEEE/RSJ International Conference on},
  volume={3},
  pages={2436--2441},
  year={2003},
  organization={IEEE}
}

@inproceedings{73rusu20113d,
  title={3d is here: Point cloud library (pcl)},
  author={Rusu, Radu Bogdan and Cousins, Steve},
  booktitle={Robotics and Automation (ICRA), 2011 IEEE International Conference on},
  pages={1--4},
  year={2011},
  organization={IEEE}
}